<record><leader>00000cas a22000007a 4500</leader><controlfield tag="001">33322984</controlfield><controlfield tag="008">951018d18781892nyuwr ne      0    0eng d</controlfield><datafield ind1=" " ind2=" " tag="010"><subfield code="a">sn 95071378 </subfield></datafield><datafield ind1=" " ind2=" " tag="040"><subfield code="a">NYS</subfield><subfield code="b">eng</subfield><subfield code="c">NYS</subfield><subfield code="d">OCLCQ</subfield><subfield code="d">OCLCF</subfield><subfield code="d">OCLCO</subfield></datafield><datafield ind1=" " ind2=" " tag="042"><subfield code="a">msc</subfield></datafield><datafield ind1=" " ind2=" " tag="043"><subfield code="a">n-us-ny</subfield></datafield><datafield ind1="0" ind2=" " tag="130"><subfield code="a">Mohawk independent (Mohawk, N.Y. : 1878)</subfield></datafield><datafield ind1="1" ind2="4" tag="245"><subfield code="a">The Mohawk independent.</subfield></datafield><datafield ind1="1" ind2="0" tag="246"><subfield code="a">Mohawk Valley independent</subfield></datafield><datafield ind1=" " ind2=" " tag="260"><subfield code="a">Mohawk, N.Y. :</subfield><subfield code="b">Rich &amp; Tucker</subfield></datafield><datafield ind1=" " ind2=" " tag="300"><subfield code="a">v.</subfield></datafield><datafield ind1=" " ind2=" " tag="310"><subfield code="a">Weekly</subfield></datafield><datafield ind1="0" ind2=" " tag="362"><subfield code="a">Vol. 5, no. 36 (Aug. 27, 1878)-v. 20, no. 5 (Jan. 28, 1892).</subfield></datafield><datafield ind1=" " ind2=" " tag="500"><subfield code="a">Published as: Mohawk Valley independent, &lt;Oct. 4, 1888&gt;-Feb. 22, 1889.</subfield></datafield><datafield ind1=" " ind2="0" tag="651"><subfield code="a">Mohawk (N.Y.)</subfield><subfield code="v">Newspapers.</subfield></datafield><datafield ind1=" " ind2="0" tag="651"><subfield code="a">Herkimer County (N.Y.)</subfield><subfield code="v">Newspapers.</subfield></datafield><datafield ind1=" " ind2="7" tag="655"><subfield code="a">Newspapers.</subfield><subfield code="2">fast</subfield><subfield code="0">(OCoLC)fst01423814</subfield></datafield><datafield ind1=" " ind2="7" tag="651"><subfield code="a">New York (State)</subfield><subfield code="z">Herkimer County.</subfield><subfield code="2">fast</subfield><subfield code="0">(OCoLC)fst01223285</subfield></datafield><datafield ind1=" " ind2="7" tag="651"><subfield code="a">New York (State)</subfield><subfield code="z">Mohawk.</subfield><subfield code="2">fast</subfield><subfield code="0">(OCoLC)fst01213045</subfield></datafield><datafield ind1=" " ind2=" " tag="752"><subfield code="a">United States</subfield><subfield code="b">New York</subfield><subfield code="c">Herkimer</subfield><subfield code="d">Mohawk.</subfield></datafield><datafield ind1="0" ind2="0" tag="780"><subfield code="t">Sunday independent (Mohawk, N.Y.)</subfield><subfield code="w">(DLC)sn 95071377</subfield><subfield code="w">(OCoLC)33322935</subfield></datafield><datafield ind1="0" ind2="0" tag="785"><subfield code="t">Mohawk eagle</subfield><subfield code="w">(DLC)sn 92061602</subfield><subfield code="w">(OCoLC)25703767</subfield></datafield></record>